@misc{he2004lectures,
      title={Lectures on D-branes, Gauge Theories and Calabi-Yau Singularities}, 
      author={Yang-Hui He},
      year={2004},
      eprint={hep-th/0408142},
      archivePrefix={arXiv},
      primaryClass={hep-th}
}

@misc{douglas1996dbranes,
      title={D-branes, Quivers, and ALE Instantons}, 
      author={Michael R. Douglas and Gregory Moore},
      year={1996},
      eprint={hep-th/9603167},
      archivePrefix={arXiv},
      primaryClass={hep-th}
}

@article{PhysRevD.55.6382,
  title = {Aspects of type IIB theory on asymptotically locally Euclidean spaces},
  author = {Johnson, Clifford V. and Myers, Robert C.},
  journal = {Phys. Rev. D},
  volume = {55},
  issue = {10},
  pages = {6382--6393},
  numpages = {0},
  year = {1997},
  month = {May},
  publisher = {American Physical Society},
  doi = {10.1103/PhysRevD.55.6382},
}

@article{1998,
   title={4D Conformal Field Theories and Strings on Orbifolds},
   volume={80},
   ISSN={1079-7114},
   DOI={10.1103/physrevlett.80.4855},
   number={22},
   journal={Physical Review Letters},
   publisher={American Physical Society (APS)},
   author={Kachru, Shamit and Silverstein, Eva},
   year={1998},
   month={Jun},
   pages={4855-4858} 
}

@article{1998,
   title={On conformal field theories in four dimensions},
   volume={533},
   ISSN={0550-3213},
   DOI={10.1016/s0550-3213(98)00495-7},
   number={1–3},
   journal={Nuclear Physics B},
   publisher={Elsevier BV},
   author={Lawrence, Albion and Nekrasov, Nikita and Vafa, Cumrun},
   year={1998},
   month={Nov},
   pages={199–209} 
}


@article{2020,
   title={A string theory realization of special unitary quivers in 3 dimensions},
   volume={2020},
   ISSN={1029-8479},
   DOI={10.1007/jhep11(2020)157},
   number={11},
   journal={Journal of High Energy Physics},
   publisher={Springer Science and Business Media LLC},
   author={Collinucci, Andrés and Valandro, Roberto},
   year={2020},
   month={Nov}
}

@misc{lindström2012supersymmetric,
      title={Supersymmetric Sigma Model geometry}, 
      author={Ulf Lindström},
      year={2012},
      eprint={1207.1241},
      archivePrefix={arXiv},
      primaryClass={hep-th}
}

@article{Hitchin:1986ea,
    author = "Hitchin, Nigel J. and Karlhede, A. and Lindstrom, U. and Rocek, M.",
    title = "{Hyperkahler Metrics and Supersymmetry}",
    reportNumber = "STOCKHOLM-ITP-86-8",
    doi = "10.1007/BF01214418",
    journal = "Commun. Math. Phys.",
    volume = "108",
    pages = "535",
    year = "1987"
}

@article{10.2307/1194988,
    ISSN = {00029947},
    author = {Lei Ni and Yuguang Shi and Luen-Fai Tam},
    journal = {Transactions of the American Mathematical Society},
    number = {5},
    pages = {1933--1959},
    publisher = {American Mathematical Society},
    title = {Ricci Flatness of Asymptotically Locally Euclidean Metrics},
    volume = {355},
    year = {2003}
}

@misc{lindström2012supersymmetric,
      title={Supersymmetric Sigma Model geometry}, 
      author={Ulf Lindström},
      year={2012},
      eprint={1207.1241},
      archivePrefix={arXiv},
      primaryClass={hep-th}
}

@misc{bertolinisusy,
      title={Introduction to Supersymmetry}, 
      author={Bertolini, Matteo},
      year={2021},
      url={https://people.sissa.it/~bertmat/teaching.htm}
}